<?xml version="1.0" encoding="UTF-8"?><collection xmlns="http://www.loc.gov/MARC21/slim"><record><leader>00531nam--2200169-i-4500</leader><controlfield tag="001">000016684</controlfield><controlfield tag="002">20161230</controlfield><controlfield tag="005">20170107001645</controlfield><controlfield tag="008">060222s1000------------r-----000-0-eng-d</controlfield><datafield ind1=" " ind2=" " tag="080"><subfield code="a">539.172(043)</subfield></datafield><datafield ind1=" " ind2=" " tag="100"><subfield code="a">Harangoz©đ, ©rp©Łd</subfield></datafield><datafield ind1=" " ind2=" " tag="245"><subfield code="a">Contributii la descrierea cuantica a emisiei la preechilibru in reactiile nucleare la energii joase. Rezumatul tezei</subfield></datafield><datafield ind1=" " ind2=" " tag="260"><subfield code="a">Bucuresti</subfield><subfield code="b">Ifa</subfield><subfield code="c">1997</subfield></datafield><datafield ind1=" " ind2=" " tag="300"><subfield code="a">17 p</subfield></datafield><datafield ind1=" " ind2=" " tag="653"><subfield code="a">Nuclear Reactions, Quantum Emission, Low Energies</subfield></datafield><datafield ind1=" " ind2=" " tag="852"><subfield code="a">80832</subfield></datafield><datafield ind1=" " ind2=" " tag="CAT"><subfield code="a">SYS</subfield><subfield code="c">20170107</subfield><subfield code="h">001645</subfield></datafield></record></collection>